@article{lecun1998gradient,
  title={Gradient-based learning applied to document recognition},
  author={LeCun, Yann and Bottou, L{\'e}on and Bengio, Yoshua and Haffner, Patrick},
  journal={Proceedings of the IEEE},
  volume={86},
  number={11},
  pages={2278--2324},
  year={1998},
  publisher={IEEE}
}

@inproceedings{liu2002handwritten,
  title={Handwritten digit recognition using state-of-the-art techniques},
  author={Liu, Cheng-Lin and Nakashima, Kazuki and Sako, Hiroshi and Fujisawa, Hiromichi},
  booktitle={Frontiers in Handwriting Recognition, 2002. Proceedings. Eighth International Workshop on},
  pages={320--325},
  year={2002},
  organization={IEEE}
}

@article{abdleazeem2008arabic,
  title={Arabic handwritten digit recognition},
  author={Abdleazeem, Sherif and El-Sherif, Ezzat},
  journal={International Journal of Document Analysis and Recognition (IJDAR)},
  volume={11},
  number={3},
  pages={127--141},
  year={2008},
  publisher={Springer}
}

@article{liu2004handwritten,
  title={Handwritten digit recognition: investigation of normalization and feature extraction techniques},
  author={Liu, Cheng-Lin and Nakashima, Kazuki and Sako, Hiroshi and Fujisawa, Hiromichi},
  journal={Pattern Recognition},
  volume={37},
  number={2},
  pages={265--279},
  year={2004},
  publisher={Elsevier}
}